<?xml version="1.0" encoding="UTF-8"?><collection xmlns="http://www.loc.gov/MARC21/slim"><record><leader>00756nam--2200181-i-4500</leader><controlfield tag="001">000035341</controlfield><controlfield tag="002">20161230</controlfield><controlfield tag="005">20161230201040</controlfield><controlfield tag="008">060222s1000------------r-----000-0-eng-d</controlfield><datafield ind1=" " ind2=" " tag="040"><subfield code="a">IFIN-HH</subfield></datafield><datafield ind1=" " ind2=" " tag="080"><subfield code="a">539.1(061.3):621.384.6(061.3)</subfield></datafield><datafield ind1="1" ind2=" " tag="100"><subfield code="a">Jain, B.K</subfield></datafield><datafield ind1="1" ind2="0" tag="245"><subfield code="a">Nuclear physics with high energy accelerators</subfield><subfield code="b">Proceedings of the national workshop organised by working groups a and b of the national committee on advanced high energy accelerator facility (aheap)at bhabha atomic research centre, bombay, india during october 27-31, 1980</subfield><subfield code="c">B.k. jain, m.k. mehta, b.c. sinha (eds.)</subfield></datafield><datafield ind1=" " ind2=" " tag="260"><subfield code="a">Bombay</subfield><subfield code="b">Bhabha Atomic Research Centre</subfield><subfield code="c">1981</subfield></datafield><datafield ind1=" " ind2=" " tag="300"><subfield code="a">VI+451P</subfield></datafield><datafield ind1="1" ind2=" " tag="700"><subfield code="a">Sihna, B.C</subfield><subfield code="e">Ed</subfield></datafield><datafield ind1=" " ind2=" " tag="852"><subfield code="a">70184</subfield><subfield code="c">539</subfield></datafield><datafield ind1=" " ind2=" " tag="CAT"><subfield code="a">Sys</subfield><subfield code="c">20111013</subfield><subfield code="h">091939</subfield></datafield></record></collection>